@book{traitement_du_signal_audiovisuel,
    author    = "Laurent Millot",
    title     = "Traitement du signal audiovisuel,              Applications avec Pure Data",
    year      = "2008",
    publisher = "Dunod",
}
@book{Acoustique_et_Musique,
    author    = "Leipp {\'E}mile",
    title     = "Acoustique et Musique",
    year      = "2010",
    publisher = "Presses des Mines",
}

@book{Acoustique-Informatique-Musique,
    author    = "And{\'e}a-Novel Brigitte and Fabre Benoit and Jouvelot Pierre",
    title     = "Acoustique-Informatique-Musique",
    year      = "2012",
    publisher = "Presses des Mines",
}

@misc{pdSite1,
	author = "Hans",
	title = "pd",
	year = "2006 (accessed avril, 2015)",
	url = {http://at.or.at/hans/pd/},
}

@misc{pdSite2,
	title = "Pure Data",
	author = "Adam Hyde",
	url = "http://en.flossmanuals.net/pure-data",
	year= "(accessed mars, 2015)"
}

@misc{pdSite3,
	title= "Pure Data Patch Repository",
	author = "Thomas Grill",
	url = "http://pdpatchrepo.info/",
	year= "2008(accessed mars, 2015)"
}
